@article{https://doi.org/10.1029/2023SW003514,
author = {Nair, Manoj and Redmon, Rob and Young, Li-Yin and Chulliat, Arnaud and Trotta, Belinda and Chung, Christine and Lipstein, Greg and Slavitt, Isaac},
title = {MagNetâ€”A Data-Science Competition to Predict Disturbance Storm-Time Index (Dst) From Solar Wind Data},
journal = {Space Weather},
doi = {https://doi.org/10.1029/2023SW003514},
year = {2023}
}

@inproceedings{10.1145/3243250.3243257,
	author = {Young, Li-Yin},
	title = {The Effect of Moderator Bots on Abusive Language Use},
	year = {2018},
	publisher = {Association for Computing Machinery},
	doi = {10.1145/3243250.3243257},
	booktitle = {Proceedings of the International Conference on Pattern Recognition and Artificial Intelligence}
}